<record><leader>00000cas a2200000 a 4500</leader><controlfield tag="001">11352438</controlfield><controlfield tag="008">841106d186718uuvtuwr ne      0    0eng c</controlfield><datafield ind1=" " ind2=" " tag="010"><subfield code="a">sn 84038588 </subfield></datafield><datafield ind1=" " ind2=" " tag="040"><subfield code="a">NPX</subfield><subfield code="b">eng</subfield><subfield code="c">NPX</subfield><subfield code="d">NYS</subfield><subfield code="d">NVN</subfield><subfield code="d">OCLCQ</subfield><subfield code="d">UKMGB</subfield><subfield code="d">OCLCQ</subfield><subfield code="d">OCLCF</subfield><subfield code="d">OCLCO</subfield></datafield><datafield ind1="7" ind2=" " tag="016"><subfield code="a">013933763</subfield><subfield code="2">Uk</subfield></datafield><datafield ind1=" " ind2=" " tag="042"><subfield code="a">pcc</subfield></datafield><datafield ind1=" " ind2=" " tag="043"><subfield code="a">n-us-vt</subfield></datafield><datafield ind1="0" ind2="0" tag="245"><subfield code="a">Vermont cultivator.</subfield></datafield><datafield ind1="1" ind2="3" tag="246"><subfield code="a">Aurora of the valley</subfield></datafield><datafield ind1="1" ind2="3" tag="246"><subfield code="a">Aurora and cultivator</subfield></datafield><datafield ind1=" " ind2=" " tag="260"><subfield code="a">Newbury, Vt. :</subfield><subfield code="b">L.J. McIndoe</subfield></datafield><datafield ind1=" " ind2=" " tag="300"><subfield code="a">v.</subfield></datafield><datafield ind1=" " ind2=" " tag="310"><subfield code="a">Weekly</subfield></datafield><datafield ind1="1" ind2=" " tag="362"><subfield code="a">Began in 1867?</subfield><subfield code="z">Cf. Gregory, W. Amer. newspapers.</subfield></datafield><datafield ind1=" " ind2=" " tag="525"><subfield code="a">Supplement with separate masthead and pagination printed on inner two leaves, &lt;1868-1869&gt;. Masthead: Aurora of the valley.</subfield></datafield><datafield ind1=" " ind2=" " tag="588"><subfield code="a">Description based on: Vol. 20, no. 44 (Nov. 2, 1867).</subfield></datafield><datafield ind1=" " ind2="0" tag="651"><subfield code="a">Newbury (Vt.)</subfield><subfield code="v">Newspapers.</subfield></datafield><datafield ind1=" " ind2="0" tag="651"><subfield code="a">Vermont</subfield><subfield code="v">Newspapers.</subfield></datafield><datafield ind1=" " ind2="7" tag="655"><subfield code="a">Newspapers.</subfield><subfield code="2">fast</subfield><subfield code="0">(OCoLC)fst01423814</subfield></datafield><datafield ind1=" " ind2="7" tag="651"><subfield code="a">Vermont.</subfield><subfield code="2">fast</subfield><subfield code="0">(OCoLC)fst01204305</subfield></datafield><datafield ind1=" " ind2="7" tag="651"><subfield code="a">Vermont</subfield><subfield code="z">Newbury.</subfield><subfield code="2">fast</subfield><subfield code="0">(OCoLC)fst01260539</subfield></datafield><datafield ind1="1" ind2=" " tag="700"><subfield code="a">McIndoe, Lyman James,</subfield><subfield code="d">1818-1873.</subfield></datafield><datafield ind1=" " ind2=" " tag="752"><subfield code="a">United States</subfield><subfield code="b">Vermont</subfield><subfield code="c">Orange</subfield><subfield code="d">Newbury.</subfield></datafield><datafield ind1="1" ind2=" " tag="787"><subfield code="t">Aurora of the valley (Newbury, Vt. : 1848)</subfield><subfield code="w">(DLC)sn 85025250</subfield><subfield code="w">(OCoLC)9012421</subfield></datafield></record>